@ARTICLE{1,
AUTHOR = "Sergey Brin and Lawrence Page",
TITLE = "The Anatomy of a Large-Scale Hypertextual Web Search Engine",
YEAR = "1998"
}

@ARTICLE{2,
AUTHOR = "Zolta ́n Gyo ̈ngyi and Hector Garcia-Molina and Jan Pedersen",
TITLE = "Combating Web Spam with TrustRank",
YEAR = "2004",
VOLUME ="30",
PAGES="576-587"
}

@ARTICLE{3,
AUTHOR = "Lourdes Araujo and Juan Martinez-Romo",
TITLE = "Web Spam Detection: New Classification Features Based on Qualified Link Analysis and Language Models",
JOURNAL="IEEE TRANSACTIONS ON INFORMATION FORENSICS AND SECURITY",
YEAR = "2010",
VOLUME ="5"
}

@ARTICLE{4,
AUTHOR = "Daniel Lowd and Pedro Domingos",
TITLE = "Naive Bayes models for probability estimation",
JOURNAL="ICML '05 Proceedings of the 22nd international conference on Machine learning",
YEAR = "2005",
PAGES="529 - 536
}

